<?xml version="1.0" encoding="UTF-8"?><collection xmlns="http://www.loc.gov/MARC21/slim"><record><leader>00374nam--2200121-i-4500</leader><controlfield tag="001">000026068</controlfield><controlfield tag="002">20161230</controlfield><controlfield tag="005">20161230201036</controlfield><controlfield tag="008">060222s1000------------r-----000-0-eng-d</controlfield><datafield ind1=" " ind2=" " tag="100"><subfield code="a">Juster, F</subfield></datafield><datafield ind1=" " ind2=" " tag="245"><subfield code="a">Cours pratique de television. toutes ondes - tous standards. vol.3: la television a longue distance</subfield></datafield><datafield ind1=" " ind2=" " tag="260"><subfield code="a">Paris, Editions Techn.Et Profes., 1954, 223p</subfield></datafield><datafield ind1=" " ind2=" " tag="852"><subfield code="a">10682</subfield></datafield></record></collection>